@Manual{R,
  title = {R: A Language and Environment for Statistical Computing},
  author = {{R Core Team}},
  organization = {R Foundation for Statistical Computing},
  address = {Vienna, Austria},
  year = {2016},
  note = {{ISBN} 3-900051-07-0},
  url = {https://www.R-project.org/},
}

@Manual{ctgovfda,
  title = {Preamble: 21 CFR Parts 50, 56, 312, 314, 601, 812, and 814, 61 FR 51498g},
  author = {{The Food and Drug Administration}},
  year = {2008},
  note = {Accessed October 2022},
  url = {https://web.archive.org/web/20081024143725/https://www.fda.gov/oc/gcp/preambles/61fr/61fr.html}
}

@article{ihaka:1996,
  Author = {Ihaka, Ross and Gentleman, Robert},
	Journal = {Journal of Computational and Graphical Statistics},
	Number = 3,
	Pages = {299--314},
	Title = {R: A Language for Data Analysis and Graphics},
	Volume = 5,
	Year = 1996,
        url = {https://doi.org/10.1080/10618600.1996.10474713}
}

@Manual{penguins,
  title = {palmerpenguins: Palmer Archipelago (Antarctica) penguin data},
  author = {Allison Marie Horst and Alison Presmanes Hill and Kristen B Gorman},
  year = {2020},
  note = {R package version 0.1.0},
  doi = {10.5281/zenodo.3960218},
  url = {https://allisonhorst.github.io/palmerpenguins/},
}